@ONLINE{APPLE1:ONLINE,
    author = {APPLE},
	title = {Technical Q and A QA1176},
	month = sep,
	year = {2012},
	urldate = {2012-12-18},	
	url = {http://developer.apple.com/library/mac/#qa/qa1176/_index.html#//apple_ref/doc/uid/DTS10001707-CH1-SECNOTES}
}