@book{goossens93,
        author = "Michel Goossens and Frank Mittlebach and Alexander Samarin",
        title = "The Latex Companion",
        year = "1993",
        publisher = "Addison-Wesley",
        address = "Reading, Massachusetts"
}
